<record><leader>00000cas a22000007a 4500</leader><controlfield tag="001">9385382</controlfield><controlfield tag="008">830407d19041961mtudr ne      0   a0eng d</controlfield><datafield ind1=" " ind2=" " tag="010"><subfield code="a">sn 83025316 </subfield></datafield><datafield ind1=" " ind2=" " tag="040"><subfield code="a">NPV</subfield><subfield code="b">eng</subfield><subfield code="c">NPV</subfield><subfield code="d">NSD</subfield><subfield code="d">MTL</subfield><subfield code="d">NSD</subfield><subfield code="d">CNW</subfield><subfield code="d">CNK</subfield><subfield code="d">OCLCQ</subfield><subfield code="d">DLC</subfield><subfield code="d">OCLCF</subfield></datafield><datafield ind1="0" ind2=" " tag="022"><subfield code="a">2329-5457</subfield><subfield code="2">1</subfield></datafield><datafield ind1="1" ind2=" " tag="029"><subfield code="a">AU@</subfield><subfield code="b">000020399257</subfield></datafield><datafield ind1=" " ind2=" " tag="042"><subfield code="a">msc</subfield><subfield code="a">nsdp</subfield></datafield><datafield ind1=" " ind2=" " tag="043"><subfield code="a">n-us-mt</subfield></datafield><datafield ind1=" " ind2=" " tag="045"><subfield code="a">w9x-</subfield></datafield><datafield ind1="0" ind2="0" tag="050"><subfield code="a">Newspaper</subfield></datafield><datafield ind1=" " ind2=" " tag="052"><subfield code="a">4253</subfield><subfield code="b">M6</subfield></datafield><datafield ind1="0" ind2="0" tag="082"><subfield code="a">071</subfield><subfield code="2">23</subfield></datafield><datafield ind1="0" ind2=" " tag="130"><subfield code="a">Daily Missoulian (Missoula, Mont. : 1904)</subfield></datafield><datafield ind1=" " ind2="4" tag="222"><subfield code="a">The Daily Missoulian</subfield><subfield code="b">(Missoula, Mont. 1904. Print)</subfield></datafield><datafield ind1="1" ind2="4" tag="245"><subfield code="a">The Daily Missoulian.</subfield></datafield><datafield ind1="1" ind2="7" tag="246"><subfield code="a">Missoulian</subfield><subfield code="f">June 6, 1910-Mar. 15, 1915</subfield></datafield><datafield ind1="3" ind2="0" tag="246"><subfield code="a">Sunday Missoulian</subfield></datafield><datafield ind1="3" ind2="0" tag="246"><subfield code="a">Missoulian-sentinel</subfield></datafield><datafield ind1=" " ind2=" " tag="260"><subfield code="a">Missoula, Mont. :</subfield><subfield code="b">Missoulian Pub. Co.,</subfield><subfield code="c">-1961.</subfield></datafield><datafield ind1=" " ind2=" " tag="300"><subfield code="a">59 v. :</subfield><subfield code="b">ill. ;</subfield><subfield code="c">57 cm.</subfield></datafield><datafield ind1=" " ind2=" " tag="310"><subfield code="a">Daily</subfield></datafield><datafield ind1="0" ind2=" " tag="362"><subfield code="a">-89th year, no. 113 (Sept. 12, 1961).</subfield></datafield><datafield ind1="1" ind2=" " tag="362"><subfield code="a">Began in Nov. 1904.</subfield></datafield><datafield ind1=" " ind2=" " tag="500"><subfield code="a">Sunday edition, Dec. 26, 1920-Nov. 6, 1949, called: Sunday Missoulian.</subfield></datafield><datafield ind1=" " ind2=" " tag="500"><subfield code="a">Saturday edition, May 14, 1960-Sept. 9, 1961, published in combined issue with Missoula sentinel, called: Missoulian-sentinel.</subfield></datafield><datafield ind1=" " ind2=" " tag="500"><subfield code="a">"Republican," [1904-1912]; "Progressive, " [1913-1914]; "independent, " [1915-1961]. Cf. Ayer, 1912, Missoula city directories.</subfield></datafield><datafield ind1=" " ind2=" " tag="530"><subfield code="a">Archived issues are available in digital format as part of the Library of Congress Chronicling America online collection.</subfield></datafield><datafield ind1=" " ind2=" " tag="588"><subfield code="a">Description based on: Vol. 31, no. 173 (Nov. 15, 1904).</subfield></datafield><datafield ind1=" " ind2="0" tag="651"><subfield code="a">Missoula (Mont.)</subfield><subfield code="v">Newspapers.</subfield></datafield><datafield ind1=" " ind2="7" tag="655"><subfield code="a">Newspapers.</subfield><subfield code="2">fast</subfield><subfield code="0">(OCoLC)fst01423814</subfield></datafield><datafield ind1=" " ind2="7" tag="651"><subfield code="a">Montana</subfield><subfield code="z">Missoula.</subfield><subfield code="2">fast</subfield><subfield code="0">(OCoLC)fst01210237</subfield></datafield><datafield ind1=" " ind2=" " tag="752"><subfield code="a">United States</subfield><subfield code="b">Montana</subfield><subfield code="c">Missoula</subfield><subfield code="d">Missoula.</subfield></datafield><datafield ind1="0" ind2=" " tag="775"><subfield code="t">Weekly Missoulian (Missoula, Mont. : 1904)</subfield><subfield code="g">1904-&lt;1909&gt;</subfield><subfield code="w">(DLC)sn 86075058</subfield><subfield code="w">(OCoLC)13182877</subfield></datafield><datafield ind1="0" ind2="8" tag="776"><subfield code="i">Online version: Daily Missoulian (Missoula, Mont. : 1904 : Online)</subfield><subfield code="x">2329-5465</subfield><subfield code="w">(DLC)  2013218806</subfield><subfield code="w">(OCoLC)847782159</subfield></datafield><datafield ind1="0" ind2="0" tag="780"><subfield code="t">Missoulian (Missoula, Mont. : Daily : 1900)</subfield><subfield code="w">(DLC)sn 86075059</subfield><subfield code="w">(OCoLC)13182896</subfield></datafield><datafield ind1="0" ind2="0" tag="785"><subfield code="t">Missoulian (Missoula, Mont. : Daily : 1961)</subfield><subfield code="x">0746-4495</subfield><subfield code="w">(DLC)sn 83004588</subfield><subfield code="w">(OCoLC)10049426</subfield></datafield><datafield ind1="4" ind2="1" tag="856"><subfield code="u">http://chroniclingamerica.loc.gov/lccn/sn83025316/issues</subfield></datafield></record>